ISA|00|          |00|          |ZZ|MYCLEARINGHOUSE|ZZ|RECVCODE       |120323|1938|U|00401|000015442|1|P|^
~GS|HP|MYCLEARINGHOUSE|RECVCODE|20120323|1938|15555|X|004010X091A1
~ST|835|0001
~BPR|I|12345.67|C|ACH|CCP|01|999999999|DA|1234567890|1111111111|000011111|01|222222222|DA|3333333333|20120322
~TRN|1|1QG11111111|1111111111|000011111
~DTM|405|20120319
~SE|5109|0001
~GE|1|15555
~IEA|1|000015442
