ISA|00|          |00|          |ZZ|MYCLEARINGHOUSE|ZZ|RECVCODE       |120323|1938|U|00401|000015442|1|P|^
~GS|HP|MYCLEARINGHOUSE|RECVCODE|20120323|1938|15555|X|004010X091A1
~ST|835|0001
~BPR|I|12345.67|C|ACH|CCP|01|999999999|DA|1234567890|1111111111|000011111|01|222222222|DA|3333333333|20120322
~TRN|1|1QG11111111|1111111111|000011111
~DTM|405|20120319
~N1|PR|UNITED HEALTHCARE INSURANCE COMPANY|XV|87726
~N3|9900 BREN ROAD
~N4|MINNETONKA|MN|553430000
~REF|2U|87726
~PER|CX|ATLANTA SERVICE CENTER|TE|8778423210
~N1|PE|MY CLINIC|XX|1333333333
~N3|123 HEALTHCARE STREET
~N4|SAN FRANCISCO|CA|94109
~REF|TJ|777777777
~LX|1
~TS3|1333333333|81|20121231|2|23456.78|12345.67
~CLP|001-DDDDDDDDDD|1|200.02|200.02||13|1234567890 0987654321|81
~NM1|QC|1|DOE|JOHN
~NM1|IL|1|DOE|JANE||||MI|123111111
~NM1|74|1|DOE|JANE|D
~NM1|82|2|MY CLINIC|||||XX|1333333333
~REF|CE|CHOYC+
~REF|1L|5G5G5G
~DTM|232|20120222
~AMT|AU|200.02
~SVC|HC^88888|200.02|200.02||1
~DTM|472|20120222
~REF|6R|251111111111
~AMT|B6|200.02
~CLP|001-SSSSSSSSSS|1|23276.56|12000.65|145.00|14|2234567890 0987654322|81
~CAS|PR|1|145.00
~NM1|QC|1|SMITH|JOHN
~NM1|IL|1|SMITH|JANE||||MI|123222222
~NM1|74|1|SMITH|JANE|A
~REF|CE|CHOYC
~REF|1L|717171
~DTM|050|20120303
~DTM|232|20120223
~AMT|AU|12145.65
~SVC|HC^88888|23276.56|12145.65||1
~DTM|472|20120221
~CAS|CO|45|11130.91
~REF|6R|252222222222
~AMT|B6|12145.65
~LQ|HE|N220
~LQ|HE|M68
~SE|43|0001
~GE|1|15555
~IEA|1|000015442
